@article{macpherson2018keeping,
  title={Keeping pace with the Red Queen: Identifying the genetic basis of susceptibility to infectious disease},
  author={MacPherson, Ailene and Otto, Sarah P and Nuismer, Scott L},
  journal={Genetics},
  volume={208},
  number={2},
  pages={779--789},
  year={2018},
  publisher={Oxford University Press}
}
@article{manolio2009finding,
  title={Finding the missing heritability of complex diseases},
  author={Manolio, Teri A and Collins, Francis S and Cox, Nancy J and Goldstein, David B and Hindorff, Lucia A and Hunter, David J and McCarthy, Mark I and Ramos, Erin M and Cardon, Lon R and Chakravarti, Aravinda and others},
  journal={Nature},
  volume={461},
  number={7265},
  pages={747--753},
  year={2009},
  publisher={Nature Publishing Group UK London}
}
@article{thomas2010gene,
  title={Gene--environment-wide association studies: emerging approaches},
  author={Thomas, Duncan},
  journal={Nature Reviews Genetics},
  volume={11},
  number={4},
  pages={259--272},
  year={2010},
  publisher={Nature Publishing Group UK London}
}